@article{Loconte,
author = {Loconte et al.},
title = {Verbal Lie Detection using Large Language Models},
year = 2023
}

@article{Capuozzo,
author = {Capuozzo et al.},
title = {DecOp: A Multilingual and Multi-domain Corpus For Detecting Deception In Typed Text},
year = 2020
}

@article{Sap,
author = {Sap et al.},
title = {Quantifying the narrative flow of imagined versus autobiographical stories},
year = 2022
}


@article{Kleinberg,
author = {Kleinberg et al.},
title = {How humans impair automated deception detection performance},
year = 2021
}


